<record><leader>00000cas a2200000 a 4500</leader><controlfield tag="001">9612875</controlfield><controlfield tag="008">830616d18081808nyuwr ne      0   a0eng c</controlfield><datafield ind1=" " ind2=" " tag="010"><subfield code="a">sn 83025565 </subfield><subfield code="z">sn 85042080 </subfield></datafield><datafield ind1=" " ind2=" " tag="040"><subfield code="a">NPV</subfield><subfield code="b">eng</subfield><subfield code="c">NPV</subfield><subfield code="d">NPU</subfield><subfield code="d">NPA</subfield><subfield code="d">DLC</subfield><subfield code="d">OCL</subfield><subfield code="d">NPX</subfield><subfield code="d">NJW</subfield><subfield code="d">DLC</subfield><subfield code="d">YOX</subfield><subfield code="d">KNP</subfield><subfield code="d">HUL</subfield><subfield code="d">MGN</subfield><subfield code="d">NVK</subfield><subfield code="d">NYS</subfield><subfield code="d">NVK</subfield><subfield code="d">OCL</subfield><subfield code="d">CVF</subfield><subfield code="d">DLC</subfield><subfield code="d">OCLCQ</subfield><subfield code="d">GUA</subfield><subfield code="d">OCLCG</subfield><subfield code="d">KRTAS</subfield><subfield code="d">DLC</subfield><subfield code="d">OCLCQ</subfield><subfield code="d">OCLCA</subfield><subfield code="d">OCLCQ</subfield><subfield code="d">OCLCA</subfield><subfield code="d">OCLCF</subfield></datafield><datafield ind1=" " ind2=" " tag="012"><subfield code="l">1</subfield></datafield><datafield ind1=" " ind2=" " tag="019"><subfield code="a">11721081</subfield></datafield><datafield ind1="0" ind2=" " tag="022"><subfield code="a">2156-4655</subfield><subfield code="2">1</subfield></datafield><datafield ind1="1" ind2=" " tag="029"><subfield code="a">AU@</subfield><subfield code="b">000042075932</subfield></datafield><datafield ind1=" " ind2=" " tag="042"><subfield code="a">pcc</subfield><subfield code="a">nsdp</subfield></datafield><datafield ind1=" " ind2=" " tag="043"><subfield code="a">n-us-ny</subfield></datafield><datafield ind1=" " ind2=" " tag="045"><subfield code="a">w0w0</subfield></datafield><datafield ind1="0" ind2="0" tag="050"><subfield code="a">Newspaper</subfield></datafield><datafield ind1=" " ind2=" " tag="052"><subfield code="a">3803</subfield><subfield code="b">C8</subfield></datafield><datafield ind1="1" ind2="0" tag="082"><subfield code="a">051</subfield><subfield code="2">14</subfield></datafield><datafield ind1="0" ind2=" " tag="130"><subfield code="a">Balance (Hudson, N.Y. : 1808)</subfield></datafield><datafield ind1=" " ind2="4" tag="222"><subfield code="a">The Balance</subfield><subfield code="b">(Hudson, N.Y. 1808)</subfield></datafield><datafield ind1="1" ind2="4" tag="245"><subfield code="a">The balance.</subfield></datafield><datafield ind1=" " ind2=" " tag="260"><subfield code="a">Hudson, N.Y. :</subfield><subfield code="b">Croswell &amp; Frary,</subfield><subfield code="c">1808.</subfield></datafield><datafield ind1=" " ind2=" " tag="300"><subfield code="a">1 volume ;</subfield><subfield code="c">32 cm</subfield></datafield><datafield ind1=" " ind2=" " tag="310"><subfield code="a">Weekly</subfield></datafield><datafield ind1=" " ind2=" " tag="336"><subfield code="a">text</subfield><subfield code="b">txt</subfield><subfield code="2">rdacontent</subfield></datafield><datafield ind1=" " ind2=" " tag="337"><subfield code="a">unmediated</subfield><subfield code="b">n</subfield><subfield code="2">rdamedia</subfield></datafield><datafield ind1=" " ind2=" " tag="338"><subfield code="a">volume</subfield><subfield code="b">nc</subfield><subfield code="2">rdacarrier</subfield></datafield><datafield ind1="0" ind2=" " tag="362"><subfield code="a">Vol. 7, no. 1 (Jan. 5, 1808)-v. 7, no. 52 (Dec. 27, 1808).</subfield></datafield><datafield ind1=" " ind2=" " tag="500"><subfield code="a">Imprint varies: F. Stebbins, for Croswell &amp; Frary, Nov. 15-Dec. 27, 1808.</subfield></datafield><datafield ind1=" " ind2=" " tag="530"><subfield code="a">Also issued in microform from the Readex Microprint Corp.; also available online.</subfield></datafield><datafield ind1=" " ind2=" " tag="580"><subfield code="a">Issued with: Balance advertiser.</subfield></datafield><datafield ind1=" " ind2="0" tag="651"><subfield code="a">Hudson (N.Y.)</subfield><subfield code="v">Newspapers.</subfield></datafield><datafield ind1=" " ind2="0" tag="651"><subfield code="a">Columbia County (N.Y.)</subfield><subfield code="v">Newspapers.</subfield></datafield><datafield ind1=" " ind2="7" tag="655"><subfield code="a">Newspapers.</subfield><subfield code="2">fast</subfield><subfield code="0">(OCoLC)fst01423814</subfield></datafield><datafield ind1=" " ind2="7" tag="651"><subfield code="a">New York (State)</subfield><subfield code="z">Columbia County.</subfield><subfield code="2">fast</subfield><subfield code="0">(OCoLC)fst01223301</subfield></datafield><datafield ind1=" " ind2="7" tag="651"><subfield code="a">New York (State)</subfield><subfield code="z">Hudson.</subfield><subfield code="2">fast</subfield><subfield code="0">(OCoLC)fst01208091</subfield></datafield><datafield ind1="1" ind2=" " tag="700"><subfield code="a">Croswell, Harry,</subfield><subfield code="d">1778-1858.</subfield></datafield><datafield ind1="1" ind2=" " tag="700"><subfield code="a">Frary, Jonathan,</subfield><subfield code="d">-1829.</subfield></datafield><datafield ind1="1" ind2=" " tag="700"><subfield code="a">Stebbins, Francis,</subfield><subfield code="d">1773-</subfield></datafield><datafield ind1=" " ind2=" " tag="752"><subfield code="a">United States</subfield><subfield code="b">New York</subfield><subfield code="c">Columbia</subfield><subfield code="d">Hudson.</subfield></datafield><datafield ind1="1" ind2=" " tag="776"><subfield code="t">Balance (Hudson, N.Y. : 1808 : Online)</subfield><subfield code="w">(DLC)  2007233556</subfield><subfield code="w">(OCoLC)49262422</subfield></datafield><datafield ind1="1" ind2=" " tag="777"><subfield code="t">Balance advertiser</subfield><subfield code="w">(DLC)sn 85042217</subfield><subfield code="w">(OCoLC)11924779</subfield></datafield><datafield ind1="0" ind2="0" tag="780"><subfield code="t">Balance, and Columbian repository</subfield><subfield code="x">2156-4736</subfield><subfield code="w">(DLC)sn 83025564</subfield><subfield code="w">(OCoLC)8796613</subfield></datafield><datafield ind1="0" ind2="6" tag="785"><subfield code="t">Balance, and New-York State journal</subfield><subfield code="w">(DLC)sn 83025566</subfield><subfield code="w">(OCoLC)9613749</subfield></datafield><datafield ind1="0" ind2="6" tag="785"><subfield code="t">Northern Whig (Hudson, N.Y.)</subfield><subfield code="w">(DLC)sn 83021032</subfield><subfield code="w">(OCoLC)2265215</subfield></datafield><datafield ind1=" " ind2=" " tag="850"><subfield code="a">MH</subfield></datafield><datafield ind1="4" ind2="1" tag="856"><subfield code="u">http://gateway.proquest.com/openurl?url_ver=Z39.88-2004&amp;res_dat=xri:pqd::hnp&amp;rft_val_fmt=info:ofi/fmt:kev:mtx:journal&amp;rft_dat=xri:pqd:PMID=40863</subfield></datafield><datafield ind1=" " ind2=" " tag="938"><subfield code="a">Kirtas Technologies, Inc.</subfield><subfield code="b">KRTS</subfield><subfield code="n">736899</subfield></datafield></record>